<?xml version="1.0" encoding="UTF-8"?>
<SOAP-ENV:Envelope xmlns:SOAP-ENV="http://schemas.xmlsoap.org/soap/envelope/" xmlns:mx="http://www.loc.gov/MARC21/slim" xmlns:of="http://oss.dbc.dk/ns/openformat"><SOAP-ENV:Body><of:formatResponse><marc21><mx:record format="MARC21" type="Bibliographic"><mx:leader>00000nim a22000000c 4500</mx:leader><mx:controlfield tag="007">ss||||||||||||</mx:controlfield><mx:controlfield tag="008">041209s1987    dk ||||        ||| |dan|d</mx:controlfield><mx:datafield ind1="1" ind2=" " tag="029"><mx:subfield code="a">DKDLA</mx:subfield><mx:subfield code="b">820010-katalog:2682216</mx:subfield></mx:datafield><mx:datafield ind1=" " ind2=" " tag="040"><mx:subfield code="a">DKDLA</mx:subfield><mx:subfield code="b">dan</mx:subfield><mx:subfield code="c">DKDLA</mx:subfield></mx:datafield><mx:datafield ind1=" " ind2=" " tag="049"><mx:subfield code="a">DK-190101</mx:subfield></mx:datafield><mx:datafield ind1=" " ind2=" " tag="084"><mx:subfield code="a">88.63:26</mx:subfield><mx:subfield code="2">z</mx:subfield></mx:datafield><mx:datafield ind1="1" ind2=" " tag="100"><mx:subfield code="a">Reymont, W. S.</mx:subfield></mx:datafield><mx:datafield ind1="1" ind2="0" tag="245"><mx:subfield code="a">Bønderne.</mx:subfield><mx:subfield code="n">Bind 4:1</mx:subfield><mx:subfield code="h">[lydoptagelse] :</mx:subfield><mx:subfield code="b">Sommeren /</mx:subfield><mx:subfield code="c">af W. S. Reymont ; indtalt af Agnete Bjørn</mx:subfield></mx:datafield><mx:datafield ind1=" " ind2=" " tag="260"><mx:subfield code="a">Odense :</mx:subfield><mx:subfield code="b">Den grimme Ælling,</mx:subfield><mx:subfield code="c">1987</mx:subfield></mx:datafield><mx:datafield ind1=" " ind2=" " tag="300"><mx:subfield code="a">6 kassetter</mx:subfield></mx:datafield><mx:datafield ind1=" " ind2=" " tag="300"><mx:subfield code="a">4 bind i 8 mapper :</mx:subfield><mx:subfield code="b">mono</mx:subfield></mx:datafield><mx:datafield ind1="1" ind2=" " tag="700"><mx:subfield code="a">Bjørn, Agnethe</mx:subfield></mx:datafield><mx:datafield ind1="1" ind2="0" tag="772"><mx:subfield code="a">Reymont, W. S.</mx:subfield><mx:subfield code="t">Bønderne</mx:subfield><mx:subfield code="d">Odense : Den grimme Ælling, 1987</mx:subfield><mx:subfield code="w">2672116</mx:subfield></mx:datafield></mx:record><hs activity="insert">DKDLA</hs><hasLHR>false</hasLHR></marc21></of:formatResponse></SOAP-ENV:Body></SOAP-ENV:Envelope>
